@book{Qin2021,
address = {Boca Raton},
author = {Qin, George},
doi = {10.1201/9781003138822},
edition = {1st},
isbn = {9781003138822},
month = {aug},
publisher = {CRC Press},
title = {{Computational Fluid Dynamics for Mechanical Engineering}},
url = {https://www.taylorfrancis.com/books/9781003138822},
year = {2021}
}
